@inproceedings{kirolos2006practical,
  title={Practical issues in implementing analog-to-information converters},
  author={Kirolos, Saini and Ragheb, Tamer and Laska, Jason and Duarte, Marco F and Massoud, Yehia and Baraniuk, Richard G},
  booktitle={2006 6th International Workshop on System on Chip for Real Time Applications},
  pages={141--146},
  year={2006},
  organization={IEEE}
}

@article{agarwal2011input,
  title={Input-feature correlated asynchronous analog to information converter for ECG monitoring},
  author={Agarwal, Ritika and Sonkusale, Sameer},
  journal={IEEE transactions on biomedical circuits and systems},
  volume={5},
  number={5},
  pages={459--467},
  year={2011},
  publisher={IEEE}
}

@inproceedings{Pareschi2014AnAC,
  title={An Analog-to-Information converter for Biomedical Signals based on Compressive Sensing},
  author={Fabio Pareschi and Mauro Mangia and Pierluigi Albertini and Riccardo Rovatti and Gianluca Setti and Giovanni Frattini},
  year={2014}
}

@article{abari2013analog,
  title={Why analog-to-information converters suffer in high-bandwidth sparse signal applications},
  author={Abari, Omid and Lim, Fabian and Chen, Fred and Stojanovi{\'c}, Vladimir},
  journal={IEEE Transactions on Circuits and Systems I: Regular Papers},
  volume={60},
  number={9},
  pages={2273--2284},
  year={2013},
  publisher={IEEE}
}

@inproceedings{Wenbiao2014ModifiedAC,
  title={Modified Analog-to-Information Conversion and Reconstruction for Approximately Sparse Signal},
  author={Tian Wen-biao and Rui Guo-sheng and Fu Zheng and Liu Yu},
  year={2014}
}

@article{xu2016hardware,
  title={A hardware implementation of random demodulation analog-to-information converter},
  author={Xu, Wenbo and Cui, Yupeng and Wang, Yue and Wang, Siye and Lin, Jiaru},
  journal={IEICE Electronics Express},
  volume={13},
  number={16},
  pages={20160465--20160465},
  year={2016},
  publisher={The Institute of Electronics, Information and Communication Engineers}
}


@article{daponte2017analog,
  title={Analog-to-information converters in the wideband RF measurement for aerospace applications: Current situation and perspectives},
  author={Daponte, Pasquale and De Vito, Luca and Rapuano, Sergio and Tudosa, Ioan},
  journal={IEEE Instrumentation \& Measurement Magazine},
  volume={20},
  number={1},
  pages={20--28},
  year={2017},
  publisher={IEEE}
}

@article{shen2017design,
  title={Design and implementation of low-power analog-to-information conversion for environmental information perception},
  author={Shen, Shu and Shan, Yue and Sun, Lijuan and Sun, Jian and Zou, Zhiqiang and Wang, Ruchuan},
  journal={Energies},
  volume={10},
  number={6},
  pages={753},
  year={2017},
  publisher={Multidisciplinary Digital Publishing Institute}
}

@article{pelissier2017non,
  title={Non-uniform wavelet sampling for RF analog-to-information conversion},
  author={Pelissier, Micha{\"e}l and Studer, Christoph},
  journal={IEEE Transactions on Circuits and Systems I: Regular Papers},
  volume={65},
  number={2},
  pages={471--484},
  year={2017},
  publisher={IEEE}
}

@article{wadhwa2016slicer,
  title={Slicer architectures for analog-to-information conversion in channel equalizers},
  author={Wadhwa, Aseem and Madhow, Upamanyu and Shanbhag, Naresh R},
  journal={IEEE Transactions on Communications},
  volume={65},
  number={3},
  pages={1234--1246},
  year={2016},
  publisher={IEEE}
}

@inproceedings{silva2018testing,
  title={A testing approach for a configurable rmpi-based analog-to-information converter},
  author={Silva, Veronica ML and Arruda, Bruno WS and de Souza, Cleonilson P and Gurj{\~a}o, Edmar C and Reis, Vanderson L and Freire, Raimundo CS},
  booktitle={2018 IEEE International Instrumentation and Measurement Technology Conference (I2MTC)},
  pages={1--5},
  year={2018},
  organization={IEEE}
}

@inproceedings{daponte2018analog,
  title={Analog Multiplication in Random Demodulation Analog--to--Information Converters},
  author={Daponte, Pasquale and De Vito, Luca and Iadarola, Grazia and Rapuano, Sergio},
  booktitle={Journal of Physics: Conference Series},
  volume={1065},
  number={5},
  pages={052048},
  year={2018},
  organization={IOP Publishing}
}

@article{pelissierexperimental,
  title={Experimental results of Analog-to-Information converter using Non Uniform Wavelet Bandpass Sampling for RF application},
  author={Pelissier, Micha{\"e}l and Guicquero, William and Ouvry, Laurent}
}


@inproceedings{ws2018gain,
  title={Gain and offset calibration for an Analog-to-Information Converter},
  author={WS, Arruda Bruno and Raimundo, Freire and Gurj{\~a}o, Edmar C and Silva, ML Ver{\^o}nica and FNM, Torres Luis and Reis, Vanderson L and Fonseca, SSM Newton},
  booktitle={2018 3rd International Symposium on Instrumentation Systems, Circuits and Transducers (INSCIT)},
  pages={1--5},
  year={2018},
  organization={IEEE}
}

@inproceedings{zeng2019interception,
  title={Interception of LFM signal based on analog-to-information conversion},
  author={Zeng, Xiaodong},
  booktitle={Tenth International Conference on Signal Processing Systems},
  volume={11071},
  pages={1107107},
  year={2019},
  organization={International Society for Optics and Photonics}
}

@inproceedings{lopez2019analog,
  title={Analog-to-Information Converter Based on Off-the-Shelf Components and SoC-FPGA},
  author={L{\'o}pez-Parrado, Alexander and Vera-Tasam{\'a}, Alexander and Medina-Lee, Juan Felipe and de Jes{\'u}s Boh{\'o}rquez-Palacio, Duvier},
  booktitle={2019 IEEE 10th Latin American Symposium on Circuits \& Systems (LASCAS)},
  pages={125--128},
  year={2019},
  organization={IEEE}
}

@article{de2019non,
  title={Non-uniform wavelet bandpass sampling Analog-to-Information Converter: a hardware implementation and its experimental assessment},
  author={De Vito, Luca and Iadarola, Grazia and Lamonaca, Francesco and Picariello, Francesco and Rapuano, Sergio and Tudosa, Ioan},
  journal={Measurement},
  volume={134},
  pages={739--749},
  year={2019},
  publisher={Elsevier}
}

@article{silva2019novel,
  title={Novel IEEE-STD-1241 based Test Methods for Analog-to-Information Converter},
  author={Silva, Veronica ML and Souza, Cleonilson P and Freire, Raimundo CS and Arruda, Bruno WS and Gurj{\~a}o, Edmar C and Reis, Vanderson L},
  journal={IEEE Transactions on Instrumentation and Measurement},
  year={2019},
  publisher={IEEE}
}

@book{majumdar2018compressed,
  title={Compressed Sensing for Engineers},
  author={Majumdar, Angshul},
  year={2018},
  publisher={CRC Press}
}

@book{coluccia2015compressed,
  title={Compressed sensing for distributed systems},
  author={Coluccia, Giulio and Ravazzi, Chiara and Magli, Enrico},
  year={2015},
  publisher={Springer}
}

@book{testa2019compressed,
  title={Compressed Sensing for Privacy-Preserving Data Processing},
  author={Testa, Matteo and Valsesia, Diego and Bianchi, Tiziano and Magli, Enrico},
  year={2019},
  publisher={Springer}
}

@phdthesis{Bruno2019,
    title    = {Métodos de Calibração Baseados em Modelo para Conversores Analógicos-para-Informação do Tipo Pré-Integrador de Modulação Aleatória},
    school   = {Universidade Federal de Campina Grande},
    author   = {Arruda, Bruno Willian de Souza},
    year     = {2019}, %other attributes omitted
}

@phdthesis{Vanderson2017,
    title    = {Conversor Configurável Analógico para Informação},
    school   = {Universidade Federal de Campina Grande},
    author   = {Reis, Vanderson de Lima},
    year     = {2017}, %other attributes omitted
}

@article{tropp2009beyond,
  title={Beyond Nyquist: Efficient sampling of sparse bandlimited signals},
  author={Tropp, Joel A and Laska, Jason N and Duarte, Marco F and Romberg, Justin K and Baraniuk, Richard G},
  journal={arXiv preprint arXiv:0902.0026},
  year={2009}
}

@inproceedings{dutta2015analog,
  title={Analog to information converter based on random demodulation},
  author={Dutta, Abhijeet and Mangang, Rusni Kima},
  booktitle={2015 International Conference on Electronic Design, Computer Networks \& Automated Verification (EDCAV)},
  pages={105--109},
  year={2015},
  organization={IEEE}
}

@article{bellasi2013vlsi,
  title={VLSI design of a monolithic compressive-sensing wideband analog-to-information converter},
  author={Bellasi, David E and Bettini, Luca and Benkeser, Christian and Burger, Thomas and Huang, Qiuting and Studer, Christoph},
  journal={IEEE Journal on Emerging and Selected Topics in Circuits and Systems},
  volume={3},
  number={4},
  pages={552--565},
  year={2013},
  publisher={IEEE}
}

@inproceedings{daponte2016prbs,
  title={PRBS non-idealities affecting Random Demodulation Analog-to-Information Converters},
  author={Daponte, Pasquale and De Vito, Luca and Iadarola, Grazia and Rapuano, Sergio},
  booktitle={Proceedings of the 19th IMEKO International Workshop on ADC Modelling and Testing},
  pages={71--76},
  year={2016}
}

@article{shannon,
  title={The Shannon sampling theorem—Its various extensions and applications: A tutorial review},
  author={Jerri, Abdul J},
  journal={Proceedings of the IEEE},
  volume={65},
  number={11},
  pages={1565--1596},
  year={1977},
  publisher={IEEE}
}


@article{tsividis1986continuous,
  title={Continuous-time MOSFET-C filters in VLSI},
  author={Tsividis, Yannis and Banu, Mihai and Khoury, John},
  journal={IEEE Journal of Solid-State Circuits},
  volume={21},
  number={1},
  pages={15--30},
  year={1986},
  publisher={IEEE}
}






